@article{web:1207.4318,
  author    = {Johannes M. Dieterich and
               Bernd Hartke},
  title     = {Empirical review of standard benchmark functions using evolutionary
               global optimization},
  journal   = {CoRR},
  volume    = {abs/1207.4318},
  year      = {2012},
  ee        = {http://arxiv.org/abs/1207.4318},
  bibsource = {DBLP, http://dblp.uni-trier.de}
}

@MISC{web:www.cs.unm.edu:AckleysFunction,
      TITLE = "Ackley's Function",
      NOTE = "\url{http://www.cs.unm.edu/~neal.holts/dga/benchmarkFunction/ackley.html}"
}

@MISC{web:wiki_Rastrigin_function,
      TITLE = "Rastrigin function",
      NOTE = "\url{http://en.wikipedia.org/wiki/Rastrigin_function}"
}

@MISC{web:non_linear_continuous,
      TITLE = "Non-linear Continuous Multi-Extremal Optimization",
      NOTE = "\url{http://www.maths.uq.edu.au/CEToolBox/node3.html}"
}

@MISC{web:parametric_optimization,
      TITLE = "Parametric Optimization",
      NOTE = "\url{http://www.pg.gda.pl/~mkwies/dyd/geadocu/fcnfun6.html}"
}

@MISC{web:wiki_Rosenbrock_function,
      TITLE = "Rosenbrock function",
      NOTE = "\url{http://en.wikipedia.org/wiki/Rosenbrock_function}"
}

@MISC{web:Rosenbrock_Function,
      TITLE = "Rosenbrock Function",
      NOTE = "\url{http://www-optima.amp.i.kyoto-u.ac.jp/member/student/hedar/Hedar_files/TestGO_files/Page2537.htm}"
}